
@Article{AlbusJS:1975:CMAC,
  author = 	 {Albus, James S.},
  title = 	 {A New Approach to Manipulator Control: The
                  Cerebellar Model Articulation Controller {CMAC}},
  journal = 	 {Journal of Dynamic Systems, Meaasurement, and Control},
  year = 	 {1975},
  volume = 	 {97},
  number = 	 {3},
  pages = 	 {220--227}
}

@InProceedings{Boyan:1995:Approximating,
  author = 	 {Boyan, J. A. and Moore, A. W.},
  title = 	 {Generalization in Reinforcement Learning:  Safely
                  Approximating the Value Function},
  booktitle =	 {Advances in Neural Information Processing Systems 7},
  pages =	 {369--376},
  year =	 {1995},
  editor =	 {G. Tesauro and D. S. Touretzky and T. K. Leen},
  address =	 {Cambridge, MA},
  publisher =	 {MIT Press}
}

@Article{DayanP:1992:Proof,
  author = 	 {Dayan, Peter},
  title = 	 {The Convergence of {TD}($\lambda$) for General $\lambda$},
  journal = 	 {Machine Learning},
  year = 	 {1992},
  volume =	 {8},
  pages =	 {341--362}
}

@Article{DayanP:2008:Ugly,
  author = 	 {Dayan, Peter and Niv, Yael},
  title = 	 {Reinforcement Learning: The Good, The Bad and The Ugly},
  journal = 	 {Current Opinion in Neurobiology},
  year = 	 {2008},
  volume =	 {18},
  pages =	 {185--196}
}

@INPROCEEDINGS{French:1991:Sharpenning,
    author = {French, Robert M.},
    title = {Using Semi-Distributed Representations to Overcome Catastrophic Forgetting in Connectionist Networks},
    booktitle = {Proceedings of the 13th Annual Cognitive Science Society Conference},
    year = {1991},
    pages = {173--178},
    address =	 {Hillsdale, NJ},
    publisher = {Lawrence Erlbaum}
}

@article{Hoyer:2004:arxiv:NMF,
  author    = {Patrik O. Hoyer},
  title     = {Non-negative matrix factorization with sparseness constraints},
  journal   = {CoRR},
  volume    = {cs.LG/0408058},
  year      = {2004},
  url       = {http://arxiv.org/abs/cs.LG/0408058},
  timestamp = {Mon, 05 Dec 2011 18:03:16 +0100},
  biburl    = {http://dblp.uni-trier.de/rec/bib/journals/corr/cs-LG-0408058},
  bibsource = {dblp computer science bibliography, http://dblp.org}
}

@Book{KandelE:2012:Book,
  author =	 {Kandel, Eric and Schwartz, James and Jessell, Thomas
                  and Siegelbaum, Steven and Hudspeth, A. J.},
  title = 	 {Principles of Neural Science},
  publisher = 	 {McGraw-Hill},
  year = 	 {2012},
  address =	 {New York},
  edition =	 {Fifth Edition}
}

@Article{MontaguePR:1996:Dopamine,
  author = 	 {Montague, P. Read and Dayan, Peter and Sejnowski,
                  Terrence J.},
  title = 	 {A Framework for Mesencephalic Dopamine Systems Based
                  On Predictive Hebbian Learning},
  journal = 	 {Journal of Neuroscience},
  year = 	 {1996},
  volume =	 {16},
  pages =	 {1936-1947}
}

% Optional fields: volume, number, pages, month, note
@Article{Botvinick-Niv-Barto:2009:HRL,
  author = {Botvinick MM, Niv Y and Barto AC.},
  title = {Hierarchically organized behavior and its neural foundations: A reinforcement-learning perspective.},
  journal = {Cognition.},
  year = {2009},
  volume = {113},
  pages = {262-280}
}

@Article{OReillyRC:2001:Generalization,
  author = 	 {O'Reilly, Randall C.},
  title = 	 {Generaliztion in Interactive Networks:  The Benefits
                  of Inhibitory Competition and {Hebbian} Learning},
  journal = 	 {Neural Computation},
  year = 	 {2001},
  volume =	 {13},
  pages =	 {1199--1242}
}

@Book{OReillyRC:2001:CECN,
  author = "O'Reilly, Randall C. and Munakata, Yuko",
  title = "Computational Explorations in Cognitive Neuroscience",
  publisher = "MIT Press",
  address = "Cambridge, Massachusetts",
  year = "2001"
}

@ARTICLE{O'Reilly:1996:GeneRec,
    author = {O'Reilly, Randall C.},
    title = {Biologically Plausible Error-driven Learning using Local Activation Differences: The Generalized Recirculation Algorithm},
    journal = {NEURAL COMPUTATION},
    year = {1996},
    volume = {8},
    number = {5},
    pages = {895--938}
}

@Article{RumelhartDE:1986:BP,
  author = 	 {Rumelhart, David E. and Hinton, Geoffrey E. and
                  Williams, Ronald J.},
  title = 	 {Learning Representations By Back-Propagating Errors},
  journal = 	 {Nature},
  year = 	 {1986},
  volume =	 {323},
  pages =	 {533--536}
}

@Article{SchultzW:1993:Dopamine,
  author = 	 {Schultz, Wolfram and Apicella, Paul and Ljungberg,
                  Tomas},
  title = 	 {Responses of Monkey Dopamine Neurons to Reward and
                  Conditioned Stimuli During Successive Steps of
                  Learning a Delayed Response Task},
  journal = 	 {Journal of Neuroscience},
  year = 	 {1993},
  volume =	 {13},
  pages =	 {900--913}
}

@Article{SchultzW:1997:Science,
  author = 	 {Schultz, Wolfram and Dayan, Peter and Montague, P. Read},
  title = 	 {A Neural Substrate of Prediction and Reward},
  journal = 	 {Science},
  year = 	 {1997},
  volume =	 {275},
  number =	 {5306},
  pages =	 {1593--1599}
}

@Article{SuttonRS:1988:TD,
  author = 	 {Sutton, Richard S.},
  title = 	 {Learning to Predict by the Methods of Temporal
		  Differences},
  journal = 	 {Machine Learning},
  year = 	 {1988},
  volume = 	 {3},
  pages = 	 {9--44}
}

@InProceedings{SuttonRS:1996:Coarse,
  author = 	 {Sutton, Richard S.},
  title = 	 {Generalization in Reinforcement Learning:
                  Successful Examples Using Sparse Coarse Coding},
  booktitle =	 {Advances in Neural Information Processing Systems 8},
  pages =	 {1038--1044},
  year =	 {1996},
  editor =	 {D. S. Touretzky and M. C. Mozer and M. E. Hasselmo},
  address =	 {Cambridge, MA},
  publisher =	 {MIT Press}
}

@Book{SuttonRS:1998:Book,
  author =	 {Sutton, Richard S. and Barto, Andrew G.},
  title = 	 {Reinforcement Learning: An Introduction},
  publisher = 	 {MIT Press},
  year = 	 {1998},
  address =	 {Cambridge, MA}
}

@Article{TesauroG:1995:TDGammon,
  author = 	 {Tesauro, Gerald},
  title = 	 {Temporal Difference Learning and {TD-Gammon}},
  journal = 	 {Communications of the ACM},
  year = 	 {1995},
  volume =	 {38},
  number =	 {3}
}
